
@misc{gil_user_nodate,
	title = {The {User}, the {Learner} and the {Machines} {We} {Make} Â· {Minimal} {Computing}},
	url = {https://go-dh.github.io/mincomp/thoughts/2015/05/21/user-vs-learner/},
	urldate = {2022-01-26},
	journal = {Minimal Computing: a working group of GO::DH},
	author = {Gil, Alex},
}

@misc{noauthor_what_nodate,
	title = {What is {Minimal} {Computing}?},
	url = {https://go-dh.github.io/mincomp/about/},
	urldate = {2022-01-26},
	journal = {Minimal Computing: a working group of GO::DH},
}

@article{tenen_sustainable_2014,
	title = {Sustainable {Authorship} in {Plain} {Text} using {Pandoc} and {Markdown}},
	issn = {2397-2068},
	url = {https://programminghistorian.org/en/lessons/sustainable-authorship-in-plain-text-using-pandoc-and-markdown},
	doi = {10.46430/phen0041},
	language = {en},
	urldate = {2022-01-26},
	journal = {Programming Historian},
	author = {Tenen, Dennis and Wythoff, Grant},
	year = {2014},
}
